@inproceedings{costa2012camdoop,
  title={Camdoop: Exploiting In-network Aggregation for Big Data Applications.},
  author={Costa, Paolo and Donnelly, Austin and Rowstron, Antony IT and O'Shea, Greg},
  booktitle={NSDI},
  volume={12},
  pages={3--3},
  year={2012}
}
